@article{bc2000a,
  author =       {P. Billant and  J.-M. Chomaz},
  title =        {Experimental evidence for a new instability of a vertical columnar
									vortex pair in a strongly stratified fluid},
  journal =      "J. Fluid Mech",
  year =         {2000},

  volume =    {418},
  pages =     {167-188},
}
@article{bc2000b,
  author =       {P. Billant and J.-M. Chomaz},
  title =        {Theoretical analysis of the zigzag instability of a vertical columnar vortex pair
									in a strongly stratified fluid},
  journal =      "J. Fluid Mech",
  year =         {2000},
  volume =    {419},
  pages =     {29-63},
}
@article{bc2000c,
  author =       {P. Billant and J.-M. Chomaz},
  title =        {Three-dimensional stability of a vertical columnar  vortex pair in
									a stratified fluid},
  journal =      "J. Fluid Mech",
  year =         {2000},
  volume =    {419},
  pages =     {65-91},
}
@article{bc1999,
	author={P. Billant and  P. Brancher and  J.-M. Chomaz}, 
	title={Three-dimensional stability of a vortex pair},
	journal ="Phys. Fluids",
	year = {1999},	
	volume={11},
	pages={2069-2077},
}
@book{lesieur2008turbulence,
    title={Turbulence in Fluids},
    author={Lesieur, M.},
    isbn={9781402064357},
    series={Fluid Mechanics and Its Applications Series},
    year={2008},
    publisher={Springer Science+Business Media B.V.}
} 

@article{bc2001,
author = {P. Billant and  J.-M. Chomaz}, 
title = {Self-similarity of strongly stratified inviscid flows},
year = {2001},
journal = {Phys. Fluids},
volume = {13},
number = {6},
pages = {1645-1651},
}

@article{rileylelong2000,
author = {J.J. Riley and M.-P. Lelong},
title = {Fluid Motions in the Presence of Strong Stable Stratifications},
year = {2000},
journal = {Annu. Rev. Fluid Mech.},
volume = {32},
pages = {613-657},
}

@article{otheguybc,

	author={P. Otheguy and  P. Billant and  J.-M. Chomaz}, 
	title={Elliptic and zigzag instabilities on co-rotating vertical vortices in a stratified fluid},
	journal="J. Fluid Mech",
	year={2006},
	volume={553},
	pages={253-272},
}
@article{delonclebc2011,

	author={A. Deloncle and P. Billant and J.-M. Chomaz},
	title={Three-dimensional stability of vortex arrays in a stratified and rotating fluid}, 
	journal="J. Fluid Mech",
	year={2011},
	volume={678},
	pages={482-510},
}

@article{leweke1998,
	author={T. Leweke and  C.H.K. Williamson},
	title={Cooperative elliptic instability of a vortex pair},
	journal="J. Fluid Mech",
	year={1998},
	volume={360},
	pages={85-119},
}
@article{meleshko1994,
	author={V.V. Meleshko and  G. J. F. van Heijst},
	title={On {C}haplygin's investigations of two-dimensional vortex structures in an inviscid fluid},
	journal="J. Fluid Mech",
	year={1994},
	volume={272},
	pages={157-182},
}

@book{drazinreid,
    title={Hydrodynamic Instability},
    author={P.G. Drazin and W.H. Reid},
    year={2004},
    publisher={Cambridge University Press},
}


@article{riley2003,
	author = {J.J. Riley and S. M. de Bruyn Kops},
	title = {Dynamics of turbulence strongly influenced by buoyancy},
	year = {2003},
	journal = {Phys. Fluids},
	volume = {15},
	number = {7},
	pages = {2047-2059},
}

@incollection{rileylindborg2013,
	author={J.J. Riley and E. Lindborg},
	title={Recent Progress in Stratified Turbulence},
  editor  = {P. Davidson, Y. Kaneda, K. Sreenivasan},
  booktitle  = {Ten Chapters in Turbulence},
  publisher  = {Cambridge University Press},
	year={2013},
}

@article{waitesmol2008, 
	author={M.L. Waite and P.K. Smolarkiewicz},
	title={Instabilty and breakdown of a vertical vortex pair in a strongly stratified fluid},
	year={2008},
	journal={J. Fluid Mech.},
	volume={606},
	pages={239-273},
}

@article{pierrehumbert1986,
	author={R.T. Pierrehumbert},
	title={Universal Short-Wave Instability of Two-Dimensional Eddies in an Inviscid Fluid},
	year={1986},
	journal={Phys. Rev. Lett},
	volume={57},
	number={17},
	pages={2157-2159},
}

@article{miyazakifukumoto1992,
	author={T. Miyazaki and Y. Fukumoto},
	title={Three-dimensional instability of strained vortices in a stably stratified fluid},
	year={1992},
	journal={Phys. Fluids A},
	volume={4},
	pages={2515-2522},
}

@article{waitebartello2004,
	author={M.L. Waite and P. Bartello},
	title={Stratified turbulence dominated by vortical motion},
	year={2004},
	journal={J. Fluid Mech},
	volume={517},
	pages={281-301},
}


@article{lindborg2006,
	author={E. Lindborg},
	title={The energy cascade in a strongly stratified fluid},
	year={2006},
	journal={J. Fluid Mech},
	volume={550},
	pages={207-242},
}

@article{augierbillant2011,

	author={P. Augier and P. Billant},
	title={Onset of seconardy instabilities on the zigzag instability in stratified fluids},
	year={2011},
	journal={J. Fluid Mech},
	volume={682},
	pages={120-131},
}

@article{delonclebc2008,
	author={A. Deloncle and  P. Billant and J.-M. Chomaz},
	title={Nonlinear evolution of the zigzag instability in stratified fluids: a shortcut on the route to dissipation},
	year={2008},
	journal={J. Fluid Mech},
	volume={660},
	pages={229-238},
}

@article{waite2011,
	author={M.L. Waite},
	title={Stratified Turbulence at the buoyancy scale},
	year={2012},
	journal={Phys. Fluids},
	volume={23},
	pages={23-35},
}

@article{brethouwer2007,
	author={G. Brethouwer and P. Billant and  E. Lindborg and J.-M. Chomaz},
	title={Scaling analysis and simulations of strongly stratified turbulent flows},
	year={2007},
	journal={J. Fluid Mech},
	volume={585},
	pages={343-368},
}

@article{lilly1983,
	author={D.K. Lilly},
	title={Stratified turbulence and the mesoscale variability of the atmosphere},
	year={1983},
	journal={J. Atmos. Sci},
	volume={40},
	pages={749},
}

@article{hebert2006,
	author={D.A. Herbert and S.M. de Bruyn Kops},
	title={Predicting turbulence in flows with strong stable stratification},
	year={2006},
	journal={Phys. Fluids},
	volume={18},
	pages={18-28},
}

@article{crow1970,
	author={S.C. Crow},
	title={Stability theory for a pair of trailing vortices},
	year={1970},
	journal={AIAA J.},
	volume={8},
	pages={2172},
}

@article{widnall1974,
	author={S.E. Widnall and D.B. Bliss and C.Y. Tsai},
	title={The instability of short waves on a vortex ring},
	year={1974},
	journal={J. Fluid Mech},
	volume={66},
	pages={35},
}
@incollection{leweke1998b,
	year={1998},
	booktitle={IUTAM Symposium on Dynamics of Slender Vortices},
	volume={44},
	series={Fluid Mechanics and Its Applications},
	editor={Krause, E. and Gersten, K.},
	title={Long-Wavelength Instability and Reconnection of a Vortex Pair},
	publisher={Springer Netherlands},
	author={Leweke, T. and Williamson, C.H.K.},
	pages={225-234},
}

@article{baily1986,
	author={B.J. Bailey},
	title={Three-dimensional instability of elliptical flow},
	journal={Phys. Rev. Lett.},
	year={1986},
	volume={57},
	pages={2160},
}

@article{waleffe1990,
	author={F. Waleffe},
	title={On the three-dimensional instability of strained vortices},
	journal={Phys. Fluids A},
	year={1990},
	volume={3},
	pages={76},
}

@article{augier2012,
	author={P. Augier and J.-M. Chomaz and P. Billant},
	title={Spectral analysis of the transition to turbulence from a dipole in stratified fluid},
	journal={J. Fluid. Mech},
	year={2012},
	volume={713},
	pages={86-108},
}

@article{nganstraubbartello2005,
	author={K. Ngan and D.N. Straub and P. Bartello},
	title={Aspect ratio effects in quasi-two-dimesional turbulence},
	journal={Phys. Fluids},
	year={2005},
	volume={17},
	pages={1-10},
}	


